<?xml version="1.0" encoding="UTF-8"?>
<marc:collection xmlns:marc="http://www.loc.gov/MARC21/slim">
  <marc:record>
    <marc:leader>00000nam a2200000 a 4500</marc:leader>
    <marc:controlfield tag="001">CG_98_2024-05-07T23:29:17.403Z</marc:controlfield>
    <marc:controlfield tag="003">DE-101</marc:controlfield>
    <marc:datafield ind2=" " ind1=" " tag="035">
      <marc:subfield code="a">(AT-OBV)990000001160203331</marc:subfield>
      <marc:subfield code="8">1\p</marc:subfield>
    </marc:datafield>
    <marc:datafield ind2=" " ind1=" " tag="035">
      <marc:subfield code="a">(DE-605)990027194740206441</marc:subfield>
      <marc:subfield code="8">2\p</marc:subfield>
    </marc:datafield>
    <marc:datafield ind2=" " ind1=" " tag="035">
      <marc:subfield code="a">(DE-627)1112618651</marc:subfield>
      <marc:subfield code="8">4\p</marc:subfield>
    </marc:datafield>
    <marc:datafield ind2=" " ind1=" " tag="035">
      <marc:subfield code="a">(DE-627)126878277</marc:subfield>
      <marc:subfield code="8">3\p</marc:subfield>
    </marc:datafield>
    <marc:datafield ind2=" " ind1="0" tag="082">
      <marc:subfield code="a">622</marc:subfield>
      <marc:subfield code="8">4\p</marc:subfield>
    </marc:datafield>
    <marc:datafield ind2=" " ind1="0" tag="082">
      <marc:subfield code="a">622 s</marc:subfield>
      <marc:subfield code="a">628.4/457</marc:subfield>
      <marc:subfield code="8">3\p</marc:subfield>
      <marc:subfield code="8">4\p</marc:subfield>
    </marc:datafield>
    <marc:datafield ind2=" " ind1="0" tag="082">
      <marc:subfield code="a">622</marc:subfield>
      <marc:subfield code="q">OCLC</marc:subfield>
      <marc:subfield code="8">3\p</marc:subfield>
    </marc:datafield>
    <marc:datafield ind2=" " ind1="0" tag="082">
      <marc:subfield code="a">628.4/457</marc:subfield>
      <marc:subfield code="8">4\p</marc:subfield>
    </marc:datafield>
    <marc:datafield ind2=" " ind1="0" tag="082">
      <marc:subfield code="a">s</marc:subfield>
      <marc:subfield code="8">4\p</marc:subfield>
    </marc:datafield>
    <marc:datafield ind2=" " ind1="1" tag="100">
      <marc:subfield code="a">Hartman, Alan D</marc:subfield>
      <marc:subfield code="4">aut</marc:subfield>
      <marc:subfield code="e">Verfasser</marc:subfield>
      <marc:subfield code="8">2\p</marc:subfield>
    </marc:datafield>
    <marc:datafield ind2=" " ind1="1" tag="100">
      <marc:subfield code="a">Hartman, Alan D.</marc:subfield>
      <marc:subfield code="4">aut</marc:subfield>
      <marc:subfield code="8">1\p</marc:subfield>
      <marc:subfield code="8">3\p</marc:subfield>
      <marc:subfield code="8">4\p</marc:subfield>
    </marc:datafield>
    <marc:datafield ind2="0" ind1=" " tag="653">
      <marc:subfield code="a">Electric furnaces</marc:subfield>
      <marc:subfield code="8">3\p</marc:subfield>
      <marc:subfield code="8">4\p</marc:subfield>
    </marc:datafield>
    <marc:datafield ind2="0" ind1=" " tag="653">
      <marc:subfield code="a">Incinerators</marc:subfield>
      <marc:subfield code="a">Waste disposal</marc:subfield>
      <marc:subfield code="8">3\p</marc:subfield>
      <marc:subfield code="8">4\p</marc:subfield>
    </marc:datafield>
    <marc:datafield ind2=" " ind1="1" tag="700">
      <marc:subfield code="a">Oden, Laurence L.</marc:subfield>
      <marc:subfield code="0">(DE-627)1235419169</marc:subfield>
      <marc:subfield code="0">(DE-576)165419164</marc:subfield>
      <marc:subfield code="4">oth</marc:subfield>
      <marc:subfield code="8">4\p</marc:subfield>
    </marc:datafield>
    <marc:datafield ind2=" " ind1="1" tag="700">
      <marc:subfield code="a">Oden, Laurance L</marc:subfield>
      <marc:subfield code="4">aut</marc:subfield>
      <marc:subfield code="e">Verfasser</marc:subfield>
      <marc:subfield code="8">2\p</marc:subfield>
    </marc:datafield>
    <marc:datafield ind2=" " ind1="1" tag="700">
      <marc:subfield code="a">Oden, Laurance L.</marc:subfield>
      <marc:subfield code="4">aut</marc:subfield>
      <marc:subfield code="8">1\p</marc:subfield>
      <marc:subfield code="8">3\p</marc:subfield>
    </marc:datafield>
    <marc:datafield ind2=" " ind1="1" tag="700">
      <marc:subfield code="a">White, Jack C</marc:subfield>
      <marc:subfield code="4">aut</marc:subfield>
      <marc:subfield code="e">Verfasser</marc:subfield>
      <marc:subfield code="8">2\p</marc:subfield>
    </marc:datafield>
    <marc:datafield ind2=" " ind1="1" tag="700">
      <marc:subfield code="a">White, Jack C.</marc:subfield>
      <marc:subfield code="4">aut</marc:subfield>
      <marc:subfield code="8">1\p</marc:subfield>
      <marc:subfield code="8">3\p</marc:subfield>
    </marc:datafield>
    <marc:datafield ind2=" " ind1="1" tag="700">
      <marc:subfield code="a">Oden, Laurance L.</marc:subfield>
      <marc:subfield code="4">oth</marc:subfield>
      <marc:subfield code="8">4\p</marc:subfield>
    </marc:datafield>
    <marc:datafield ind2=" " ind1="1" tag="700">
      <marc:subfield code="a">White, Jack C.</marc:subfield>
      <marc:subfield code="4">oth</marc:subfield>
      <marc:subfield code="8">4\p</marc:subfield>
    </marc:datafield>
  </marc:record>
</marc:collection>
